3675 5600
356 504 374 557 2

357 628 563 710 prudentem
574 627 796 709 legemnobis
808 626 1171 703 dedidicissevidetur,
1181 643 1284 708 quam
1294 626 1336 715 ab
1347 625 1583 705 initiomagna

351 743 427 789 cum
446 725 650 789 auctoritate
672 725 800 788 tulerat
815 725 871 804 (Ι).
890 724 1030 801 Quodsi
1049 723 1208 806 Bryologi
1225 724 1357 805 species
1373 741 1414 786 ex
1435 724 1583 803 regioni·

351 832 416 896 bus
430 831 602 910 collectas,
620 831 798 912 inquibus
814 831 879 895 ista
894 830 1044 894 frustula
1060 834 1194 913 reperta
1209 834 1304 908 sunt,
1320 830 1465 913 propius
1477 831 1584 913 inspi-

351 940 460 1016 ciunt,
477 956 516 1002 ao
532 956 609 1002 curn
629 955 671 1001 ex
685 937 842 1011 finitimis
864 939 1067 1018 regionibus
1082 938 1262 1019 speciebus
1277 943 1488 1021 comparant,
1508 942 1583 1003 tum

351 1046 502 1129 proiecto
521 1045 592 1109 illis
607 1043 649 1108 ad
671 1061 813 1126 genere,
839 1044 907 1108 imo
931 1045 974 1108 ad
999 1045 1129 1127 species
1158 1049 1260 1108 antea
1286 1045 1583 1126 constitutaspos·

352 1158 461 1216 trema
488 1151 613 1216 referre
639 1151 768 1215 licebit.
793 1153 963 1228 Ceterum,
989 1156 1028 1216 ut
1053 1150 1171 1214 eadem
1197 1150 1258 1214 illa
1285 1157 1479 1232 repetamus
1506 1170 1583 1234 quae

351 1258 436 1323 alies
460 1261 504 1339 (2)
527 1257 689 1335 diximus,
714 1275 756 1321 ne
779 1275 857 1339 spes
880 1258 1020 1339 quidem
1045 1259 1117 1322 ulla
1140 1257 1358 1340 Bryologiam
1385 1275 1582 1340 processum

352 1366 496 1443 efficere,
510 1365 575 1429 nisi
585 1365 724 1428 iamiliae
735 1365 1004 1446 monographice
1014 1365 1265 1429 describantur.
1277 1368 1357 1441 Quae
1370 1384 1450 1429 vero
1463 1367 1582 1449 plures

352 1477 435 1536 sunt
449 1488 551 1554 quam
569 1477 608 1534 ut
622 1471 697 1534 deri
714 1489 781 1535 non
797 1471 918 1553 possit,
940 1477 979 1535 ut
1002 1473 1191 1554 Bryologus
1212 1472 1315 1537 etiam
1334 1472 1582 1537 solertissimus

353 1579 534 1661 quemdam
555 1595 711 1642 muscum
732 1579 786 1642 vel
809 1578 876 1641 alio
903 1578 1041 1642 nomine
1057 1578 1274 1660 inscriptum,
1291 1581 1344 1643 vel
1364 1580 1399 1643 in
1417 1580 1582 1645 varietate

353 1685 604 1768 reponendum,
633 1687 734 1767 cujus
759 1685 874 1749 omnia
903 1686 1042 1766 ignorat
1071 1704 1147 1768 quae
1176 1688 1207 1749 ei
1242 1704 1320 1750 curn
1355 1688 1469 1769 specie
1502 1693 1583 1752 nota

353 1793 560 1869 communie,
590 1792 786 1875 quibusque
809 1810 850 1855 ex
871 1792 980 1856 forma
1000 1793 1115 1876 typica
1136 1794 1301 1875 pendeat,
1332 1811 1582 1876 nonnunquam

356 1900 529 1964 existimet
542 1916 682 1962 novum.
699 1900 761 1963 Hic
773 1882 883 1980 igitur
896 1900 1099 1982 Bryologus,
1116 1917 1221 1982 quum
1241 1900 1482 1982 Brpoceurum,
1495 1900 1584 1983 Hyp·

352 2025 601 2089 aerearumque
623 2006 770 2070 familias
789 2024 894 2087 supra
914 2007 1010 2071 mille
1024 2008 1183 2089 amplecti
1210 2008 1341 2090 species
1364 2014 1398 2071 et
1419 2006 1489 2071 iere
1506 2008 1585 2071 toti·

353 2114 430 2177 dem
445 2112 488 2177 ad
505 2111 790 2177 Neclceraceumcm
810 2113 974 2177 familiam
991 2114 1109 2178 referri
1129 2113 1385 2191 animadvertit,
1410 2132 1525 2178 nonne
1544 2133 1582 2179 eo
1635 2189 1638 2193 ⁴

352 2220 537 2286 deducitur
552 2227 603 2298 ut,
626 2220 872 2300 speciminibus
887 2222 1041 2285 collectis
1064 2226 1099 2285 et
1120 2221 1300 2301 permultis
1321 2221 1405 2285 locis
1420 2239 1458 2285 ac
1480 2240 1583 2304 quam

354 2328 636 2410 disiunctissimis
664 2328 832 2391 consuitis
868 2334 901 2392 et
941 2328 1138 2410 exploretis,
1167 2329 1297 2411 species
1327 2346 1401 2392 esse
1431 2329 1511 2411 jure
1543 2346 1582 2391 eo

356 2436 494 2498 nomine
516 2440 665 2512 vocatas,
682 2440 717 2497 et
732 2453 788 2498 eas
803 2454 879 2517 quae
894 2436 980 2498 falso
997 2436 1032 2499 id
1053 2453 1177 2499 nomen
1193 2436 1259 2499 sibi
1276 2436 1499 2510 asseruerint,
1522 2442 1584 2499 aut

353 2542 456 2606 eximi
472 2560 582 2624 posse,
599 2548 659 2605 aut
674 2560 715 2605 ex
730 2542 903 2624 prioribus
923 2543 1072 2623 pendere
1088 2541 1271 2606 ostendat?
1293 2544 1337 2620 (3)

394 2648 528 2713 Primus
556 2667 637 2713 vero
673 2649 719 2710 W.
753 2649 789 2711 Ρ.
813 2647 1030 2731 Sobimperus
1053 2654 1181 2727 noster,
1209 2649 1267 2713 ille
1294 2649 1505 2713 clarissimus
1532 2650 1585 2712 vir

355 2774 422 2839 quo
451 2755 617 2837 magistro
647 2757 701 2820 usi
733 2774 865 2837 sumus,
895 2774 1003 2839 quum
1031 2756 1165 2821 indies
1192 2764 1358 2822 cresceret
1385 2774 1580 2822 muscorum

357 2881 533 2940 numerus,
550 2864 646 2927 brevi
662 2864 899 2928 necessitatem
916 2865 1045 2928 instare
1060 2883 1190 2945 genera
1205 2864 1385 2942 dilatandi,
1402 2865 1502 2928 idest
1517 2866 1582 2928 sub

356 2972 495 3051 generis
523 2970 661 3033 nomine
687 2972 856 3034 sectiones
886 2972 1129 3052 amplectendi,
1159 2972 1315 3053 quoedam
1338 2973 1475 3053 propria
1496 2990 1585 3054 pers

355 3077 620 3160 pertissimaque
645 3079 859 3159 praebentes,
889 3080 1062 3160 etiamque
1089 3096 1176 3141 nova
1206 3096 1372 3141 novarum
1392 3079 1583 3159 specierum

354 3203 484 3265 genera
508 3183 734 3262 instituendo,
757 3185 940 3248 intellexit.
964 3186 1095 3267 Quippe
1117 3186 1189 3268 qui,
1219 3186 1255 3248 in
1281 3187 1459 3266 europaeis
1483 3187 1585 3249 Acro·

355 3292 476 3373 carpis,
507 3309 576 3354 nou
602 3292 829 3355 Dr'cronellum
851 3292 1040 3369 allierano,
1070 3292 1430 3401 Burtramidulumgue
1459 3294 1584 3357 aBur-

360 3401 483 3461 tramis
512 3417 641 3480 genere
670 3399 770 3464 modo
804 3400 1034 3481 dignosceret.
1062 3417 1179 3463 verum
1215 3401 1318 3465 etiam
1353 3402 1582 3483 Aspre-omia,

357 3505 673 3589 Cumpplosteleum,
703 3515 782 3586 etc.,
808 3526 938 3589 genera
963 3515 1104 3570 crearet.
1133 3511 1170 3570 ln
1193 3508 1422 3592 Pleurocurpis
1447 3527 1584 3591 quoque

355 3613 605 3696 praecipueque
634 3614 669 3677 in
697 3615 877 3698 speciebus
906 3616 948 3679 ed
980 3614 1139 3697 Hyprmm
1168 3634 1282 3696 genus
1311 3617 1579 3697 pertinentibus

356 3738 502 3802 quarum
531 3721 628 3802 copia
652 3723 814 3805 Bryologi
840 3724 937 3805 quasi
965 3722 1223 3803 premebantur,
1248 3739 1305 3787 eas
1328 3723 1511 3800 sectiones,
1541 3723 1582 3787 de

355 3827 482 3910 quibus
499 3828 596 3891 nulla
615 3829 685 3892 fere
703 3830 776 3911 jam
796 3838 848 3894 est
873 3837 1103 3907 controversa,
1130 3829 1409 3911 Amdlpstepium,
1434 3830 1583 3910 Bractp·

354 3933 511 4014 tdecr'um,
530 3935 775 4015 leocornr'um,
794 3937 1070 4020 Plaqiotlzerium,
1084 3942 1148 4001 eto.
1166 3938 1358 4001 constituit.

394 4046 552 4106 Attamen
569 4042 642 4106 lroec
660 4061 749 4106 nova
761 4046 954 4107 Muscorum
971 4045 1123 4125 partitio,
1140 4063 1248 4126 quum
1261 4045 1376 4108 statim
1394 4044 1428 4106 iu
1446 4045 1580 4124 suecia,

354 4150 535 4231 Norvegia,
554 4151 797 4233 Britanniaque
813 4171 851 4215 eo
868 4153 902 4215 in
919 4152 1032 4216 Gallia
1046 4153 1197 4232 benigne
1214 4152 1434 4233 reciperetur,
1450 4170 1582 4233 germa-

390 4346 427 4419 (Ι)
443 4365 458 4399 ιι
473 4347 544 4410 Quid
559 4355 610 4411 est,
628 4365 676 4402 cur
693 4354 824 4404 auctores
841 4356 898 4404 tam
916 4350 995 4404 multi
1010 4349 1036 4403 in
1057 4349 1208 4421 specimina
1227 4349 1349 4421 pessima
1365 4350 1473 4422 species
1493 4367 1581 4403 noras

354 4454 421 4491 suas
435 4436 605 4491 condant‘l»
621 4437 651 4491 0.
667 4439 707 4492 M.
722 4439 791 4509 Syn.
807 4439 850 4506 ΙΙ,
861 4458 890 4510 p.
906 4440 976 4495 508.

389 4525 427 4598 (⁶2)
440 4526 523 4582 Bulll.
541 4526 574 4581 de
589 4528 616 4580 la
630 4528 692 4582 Soc.
708 4529 766 4581 bot.
782 4529 814 4583 de
831 4529 888 4600 Fu,
907 4530 983 4593 1892,
999 4547 1025 4600 p.
1039 4529 1087 4595 53;
1105 4529 1198 4584 Revue
1212 4529 1301 4599 bryol.
1320 4527 1396 4591 1892,
1411 4547 1438 4599 p.
1455 4528 1499 4585 tl.

390 4617 429 4686 (3)
450 4617 492 4670 Gi.
517 4617 659 4689 Aclocque
680 4618 707 4670 iu
731 4617 825 4673 Revue
850 4618 1021 4690 scientiflque
1047 4618 1123 4684 1894,
1149 4618 1185 4685 ΙΙ,
1208 4637 1235 4688 p.
1256 4617 1311 4674 338
1332 4636 1337 4670 :
1365 4618 1408 4670 La
1428 4619 1522 4671 notiori
1547 4618 1581 4672 de

355 4707 468 4777 l'espdoe
480 4706 547 4761 odes
562 4707 603 4761 les
617 4706 786 4762 Mrucine'es.
1492 4718 1494 4721 ⁴
