3675 5600
355 518 408 573 304
932 521 1002 575 OYL

409 651 603 713 stenooarpum
617 645 716 713 Bryol.
728 660 789 698 eur.
810 644 931 714 V(mon.
942 663 974 715 p.
991 645 1017 716 4,
1032 648 1123 716 nom.)
1135 662 1141 711 ;
1178 645 1221 699 W.
1235 644 1299 699 Solu.
1315 647 1345 698 in
1359 644 1457 699 Besch.
1473 645 1579 699 Prodr.

515 714 606 783 bryol.
619 717 718 769 mexic.
729 733 760 786 p.
775 713 819 770 94.

464 802 586 851 Emodon
601 810 772 865 stonooarpus
787 802 838 852 Jae
860 841 865 852 .
883 803 933 852 Au.
945 804 990 860 II,
1004 819 1030 866 ρ.
1048 803 1104 854 356.

464 862 817 927 Isothociumstenooarpum
871 903 875 913 .
890 866 923 914 P.
938 867 1000 915 θοὴ.
1018 867 1048 915 in
1060 867 1103 915 kb.
1118 868 1190 916 Mus.
1207 868 1301 916 Paris.

714 976 744 986 -
760 946 822 1001 Am.
837 955 906 1017 sept.
926 946 1049 1005 :Moxio

409 1068 588 1123 stramineum
602 1068 700 1124 Bosch.
717 1070 870 1140 Flsbryol.
887 1072 982 1127 Nouo.
999 1071 1097 1127 Caled.
1109 1091 1140 1143 p.
1155 1072 1217 1130 236.

462 1158 584 1207 Emodon
597 1159 755 1208 straminum
770 1159 848 1222 loeo.
867 1161 916 1209 Aa.
929 1161 973 1217 II,
985 1176 1013 1223 p.
1024 1160 1080 1209 357.

462 1239 486 1295 l.
502 1238 533 1292 In
548 1239 610 1293 silv.
625 1270 659 1280 -
671 1240 741 1294 Pac.
759 1261 765 1298 :
783 1241 854 1296 Nov.
871 1241 1003 1295 Caledou.

408 1365 625 1435 subonythropus
640 1365 753 1435 (ΟΜ.)
768 1366 838 1419 Par.

461 1453 582 1502 Emodon
597 1453 803 1517 suberythnopus
819 1454 846 1504 0.
860 1456 899 1504 Μ.
912 1455 943 1503 in
954 1457 1036 1505 Linn.
1054 1455 1169 1513 lom-79,
1181 1473 1211 1520 p.
1225 1457 1280 1506 427.

463 1534 485 1587 l.
503 1534 543 1586 Ad
558 1550 625 1586 mur.
641 1540 669 1586 et
681 1542 745 1587 torn.
760 1562 796 1576 -
809 1536 871 1589 Am.
889 1535 1016 1590 merim:
1037 1538 1108 1590 And.
1138 1538 1239 1605 Boliv.,
1257 1539 1404 1608 Argentin.
1428 1538 1580 1609 oubtropio.

426 1670 442 1704 α
462 1667 524 1703 oar.
541 1649 776 1720 complanatulum
791 1651 834 1722 (C.
850 1651 903 1721 M.)
917 1648 987 1705 Pan.

462 1738 582 1787 Emodon
597 1737 804 1801 subeuythropus
820 1755 881 1787 var.
896 1741 1107 1803 complanatulus
1123 1741 1149 1790 G.
1168 1742 1207 1792 M.
1219 1742 1247 1790 in
1259 1758 1301 1806 op.
1317 1742 1359 1792 uit.
1374 1758 1403 1806 p.
1418 1742 1472 1791 428.

460 1820 497 1874 Ut
515 1825 574 1890 typ.
590 1849 623 1859 —
638 1820 700 1872 Am.
718 1821 819 1874 merid.
836 1838 846 1873 .·
860 1821 1003 1887 Argeutin.
1020 1822 1171 1892 subtropio.
1277 1887 1281 1893 ⁴

427 1948 439 1975 «ι
461 1945 522 1979 ταν.
540 1903 689 1995 olliptioum
703 1925 746 1995 (C.
763 1927 817 1997 M.)
832 1926 903 1982 Por.

463 2014 583 2063 Emodon
601 2015 807 2078 subenythropus
820 2032 880 2065 our.
897 2016 1027 2080 ellipticus
1043 2018 1070 2068 0.
1088 2019 1125 2067 M.
1140 2019 1171 2067 in
1186 2034 1229 2082 op.
1243 2028 1265 2066 et
1281 2020 1298 2067 l.
1312 2034 1347 2068 cc.

462 2095 499 2149 Ut
511 2100 538 2149 et
552 2095 596 2147 ubi
612 2096 740 2165 praeced.

425 2224 438 2251 ι(
459 2221 523 2257 var.
538 2201 681 2256 flaccidum
696 2204 739 2271 (0.
753 2203 787 2255 M
788 2203 806 2273 .)
822 2203 895 2258 Par.

461 2291 583 2341 Emodon
596 2292 803 2355 suborythropus
816 2309 876 2343 var.
890 2293 1014 2344 flaccidus
1026 2296 1054 2344 G.
1072 2297 1110 2345 M.
1125 2297 1155 2345 in
1167 2311 1209 2359 op.
1226 2297 1269 2345 cit.
1282 2313 1312 2359 p.
1326 2296 1380 2345 430.

462 2373 499 2426 Ut
511 2378 539 2426 et
553 2373 596 2425 ubi
612 2372 738 2443 praeced.

426 2504 439 2530 u
461 2498 523 2536 vor.
539 2479 721 2547 gracillimum
737 2480 780 2549 (C.
799 2481 851 2550 M.)
867 2481 937 2533 Par.

461 2568 582 2617 Emodon
598 2568 806 2631 suberythuopus
819 2584 878 2617 oar.
896 2568 1057 2632 gracillimus
1073 2570 1100 2619 0.
1117 2571 1155 2619 M.
1173 2572 1203 2621 in
1218 2587 1260 2634 op.
1277 2581 1301 2621 et
1315 2573 1332 2621 l.
1349 2587 1384 2621 oc.

461 2650 501 2702 Ad
515 2651 606 2702 arbor.
623 2657 650 2702 et
665 2667 725 2719 nup.
740 2680 772 2690 —
789 2650 841 2703 Ubi
855 2651 982 2720 praeced.

425 2785 441 2819 (ι
460 2784 522 2821 oar.
538 2766 677 2820 lutescens
693 2766 736 2834 (C.
750 2766 804 2838 Μ.)
817 2766 888 2821 Pur.

461 2854 582 2904 Emodon
598 2855 806 2918 suberythropus
817 2871 877 2905 var.
892 2857 1023 2906 lutesoons
1040 2859 1068 2908 0.
1084 2860 1123 2908 M.
1138 2860 1168 2908 in
1180 2874 1223 2923 op.
1236 2869 1260 2908 et
1276 2860 1295 2910 l.
1307 2874 1343 2909 oo.

461 2937 497 2992 Ut
509 2944 536 2990 et
550 2936 597 2989 ubi
610 2936 689 3007 pn'1n.
707 2954 763 2991 var.

426 3049 439 3075 u
461 3043 523 3079 vor.
539 3026 707 3081 miorotheoa
720 3027 764 3088 (0.
779 3027 832 3098 Μ.)
847 3028 916 3082 Pur.

461 3113 582 3163 Emodon
594 3115 802 3178 suberythuopus
814 3131 875 3164 var.
891 3116 1050 3167 miorotheoo
1062 3118 1090 3167 G.
1102 3119 1142 3169 M.
1158 3119 1189 3167 in
1201 3134 1244 3182 op.
1260 3128 1284 3169 et
1298 3121 1315 3169 l.
1329 3134 1367 3169 oo.

463 3194 499 3249 Ut
513 3202 540 3247 m
554 3196 598 3247 ubi
613 3197 741 3265 praeced.

424 3322 439 3355 α
462 3319 524 3356 υαν,
542 3302 733 3373 myosuroides
748 3305 790 3372 (C.
807 3304 860 3371 Μ.)
877 3304 946 3359 Ραν.

462 3389 583 3440 Emodon
598 3392 805 3454 subonythnopus
821 3407 880 3441 van.
897 3393 1077 3453 myosunoides
1091 3394 1119 3444 0.
1134 3394 1174 3443 Μ.
1189 3394 1218 3442 in
1229 3409 1271 3458 op.
1286 3396 1329 3445 cit.
1345 3411 1375 3458 p.
1391 3396 1448 3447 «129.

461 3471 497 3525 Ut
510 3478 538 3526 ot
552 3473 598 3526 ubi
611 3474 739 3542 praeced.

426 3607 441 3640 ‹
461 3604 523 3640 var.
542 3588 660 3640 rusulum
675 3588 717 3657 (0.
734 3589 787 3659 Μ.)
803 3589 873 3642 Par.

463 3676 584 3725 Emodon
597 3678 803 3741 subeuythropuo
818 3694 878 3727 oar.
894 3679 999 3727 rufulus
1016 3679 1042 3727 (J.
1060 3681 1100 3730 M.
1116 3680 1147 3728 in
1162 3696 1206 3743 op.
1221 3689 1254 3730 et.
1269 3682 1278 3728 l
1292 3696 1327 3729 oc.

461 3756 498 3810 Ut
511 3765 538 3810 ot
552 3758 599 3812 ubi
613 3759 740 3829 pmecod.

406 3884 609 3937 subsecundum
631 3886 673 3937 W.
690 3885 724 3938 P.
739 3885 803 3938 Sed.
821 3887 851 3938 in
867 3884 964 3939 Besoh.
980 3886 1086 3941 Prodr.
1105 3888 1194 3955 bryon.
1210 3889 1310 3944 mencio.
1319 3906 1351 3959 p.
1365 3887 1409 3943 96.

461 3971 581 4021 Emodon
594 3973 776 4022 subsecundus
793 3974 870 4036 laoy.
885 3975 935 4023 Ad.
952 3975 995 4034 ΙΙ,
1007 3992 1035 4038 p.
1048 3975 1102 4024 351.

462 4055 486 4108 l.
775 4082 803 4092 -
821 4057 882 4107 Am.
899 4065 969 4127 sept.
985 4071 990 4107 :
1006 4056 1106 4111 Menio.

407 4179 566 4235 Sullivantii
584 4180 682 4249 Bryol.
706 4197 767 4234 eur.
795 4181 820 4232 V
836 4181 921 4252 (mon.
941 4198 970 4250 p.
987 4183 1014 4252 4,
1034 4185 1121 4252 nom.)
1137 4198 1143 4246 ;
1158 4183 1232 4237 dull.
1254 4181 1295 4235 M.
1312 4183 1347 4251 of
1360 4181 1390 4234 U.
1406 4181 1446 4235 St.
1459 4201 1489 4253 p.
1503 4182 1538 4238 64
1552 4191 1578 4236 et

514 4252 552 4304 Ic.
568 4252 608 4304 M.
619 4271 650 4321 p.
668 4250 726 4314 149,
743 4260 763 4306 t.
777 4252 821 4306 95.

463 4340 491 4388 G.
505 4339 679 4402 gracilescens
692 4340 788 4402 Bryol.
805 4356 863 4390 eur.
879 4341 895 4388 l.
913 4356 935 4390 c.

463 4403 584 4450 Emodon
598 4402 745 4452 Sullivamii
758 4404 855 4451 Lindo.
875 4405 1042 4452 ¹¹·1.1crib.ad
1057 4406 1084 4458 tl.
1099 4413 1184 4468 crypt.
1199 4405 1244 4453 Au.
1257 4404 1313 4453 bor.
1330 4419 1371 4454 or.
1382 4418 1413 4467 p.
1428 4403 1483 4454 233.

462 4464 562 4513 Leskoa
575 4480 631 4512 com
651 4480 724 4514 ressa
736 4467 807 4514 Sall.
825 4469 863 4515 M.
880 4468 984 4527 ·¹ll‘'!lh·
1001 4484 1028 4518 n.
1042 4466 1081 4515 64.

462 4527 581 4576 Nockora
597 4481 744 4577 Sufliuamii
758 4530 785 4578 C.
799 4531 838 4578 M.
854 4531 922 4592 Syn.
936 4530 979 4584 II.
991 4545 1021 4592 p.
1036 4529 1075 4579 65.

461 4608 483 4662 l.
499 4608 591 4663 Saxic.
607 4609 634 4663 in
649 4609 710 4663 silv.
740 4612 846 4665 -Ant
869 4613 971 4680 Japon.
994 4613 1056 4664 Am.
1077 4619 1169 4680 sepo:
1195 4611 1363 4674 Tenuouoeo,
1380 4611 1472 4665 Cauol.
1496 4610 1575 4666 inser.

457 4698 526 4752 Eoos,
543 4714 548 4751 ε
567 4697 636 4752 Sull.
654 4705 682 4751 et
697 4698 779 4769 Lesq.
796 4698 833 4752 M.
850 4701 908 4751 bor.
926 4716 980 4752 om.
999 4698 1022 4751 ΙΙ
1038 4698 1080 4752 ed.
1098 4716 1124 4752 n.
1140 4697 1201 4755 389.
