3675 5600
429 1380 434 1387 .
510 1235 628 1340 nn
689 1230 1184 1340 LECTOREM

268 2059 335 2124 Ubi
351 2058 435 2122 editi
457 2057 599 2121 fuerunt
618 2062 653 2120 et
671 2050 814 2120 Brideiii
832 2054 923 2119 liber
943 2077 959 2111 ‹
978 2057 1171 2119 Beroconra
1192 2072 1407 2120 universum
1426 2080 1457 2133 ι,

223 2166 491 2249 praeccipueque
515 2165 553 2243 ii,
582 2181 728 2246 quorum
751 2162 839 2226 alter
861 2186 878 2221 α
902 2164 1097 2227 Barouoora
1122 2179 1284 2226 sonoram
1303 2187 1334 2240 ι,
1357 2164 1457 2246 cujus

223 2278 386 2338 auctores
413 2271 588 2350 Bmcdr'us,
623 2270 821 2335 Giimbeiius
854 2288 893 2333 ac
939 2269 988 2331 W.
1026 2269 1060 2332 Ρ.
1103 2268 1331 2352 Setimpcrus,
1369 2270 1456 2335 alter

225 2382 265 2444 C.
284 2378 423 2444 Mulieri
441 2402 459 2438 α
479 2382 638 2443 Srrrorsrs
656 2379 876 2442 Muscoarnr»
894 2377 1107 2454 inscribitur,
1129 2376 1364 2440 herbariorum
1382 2377 1457 2459 plu·

223 2488 306 2550 rimi
331 2503 467 2549 muscos
489 2485 723 2564 investigandi
744 2484 859 2548 studio
882 2489 966 2546 sunt
989 2484 1114 2547 conati.
1142 2485 1235 2548 Adde
1258 2485 1362 2567 quod,
1388 2485 1457 2550 iere

224 2594 350 2657 eodem
373 2597 538 2673 tempore,
560 2591 858 2672 peregrinationes
879 2590 1034 2654 omnium
1059 2608 1118 2672 spe
1135 2592 1332 2671 celeriores,
1359 2610 1458 2673 expc-

222 2701 439 2781 ditioresque
469 2699 571 2762 etiam
602 2699 800 2778 ignoturum
837 2703 1114 2780 remotarumque
1143 2700 1327 2778 regionum
1357 2699 1455 2762 factm

220 2810 371 2872 fuerunt
384 2806 646 2887 explorationes.
664 2806 727 2868 Illa
741 2823 821 2869 vero
835 2805 1016 2887 regionum
1030 2824 1175 2889 quarum
1187 2811 1356 2885 auctores,
1369 2823 1455 2888 quos

219 2930 333 2994 snpra
355 2912 622 2989 nominavimus,
648 2929 753 2993 prope
778 2916 877 2975 erant
902 2911 1021 2988 nescii,
1049 2911 1258 2991 peragratio,
1288 2929 1452 2991 maguum

217 3026 431 3102 proventum
447 3018 566 3082 attulit
581 3036 788 3082 muscorum.
810 3021 962 3095 Quorum
983 3017 1121 3100 quidem
1138 3018 1253 3081 nescio
1277 3036 1321 3081 an
1342 3017 1453 3098 magis

215 3143 328 3208 quam
357 3125 605 3207 Bryologorum
632 3143 797 3189 numerus
829 3125 986 3188 creverit.
1019 3126 1170 3206 Namque
1193 3133 1232 3188 ut
1257 3125 1452 3206 exemplum

215 3231 440 3298 referamus:

350 3393 520 3466 Bryologia
533 3394 721 3451 universalis
734 3393 857 3451 constat
870 3407 909 3451 ex
917 3433 1084 3450 .........
1127 3392 1175 3450 931
1196 3395 1328 3466 species.

350 3491 507 3564 synopsis
518 3492 697 3549 Muscorum
700 3529 994 3550 ................
1005 3540 1007 3543 ⁴
1105 3491 1176 3545 2364
1248 3513 1264 3545 »

346 3591 472 3664 Jccam
486 3590 517 3648 et
533 3589 729 3649 sanarunt
743 3590 1081 3649 adumbrationem...
1103 3590 1176 3648 7442
1248 3607 1263 3641 ι

252 3742 424 3820 Quamvis
450 3745 583 3805 certum
613 3741 823 3823 specierum,
860 3759 946 3823 ques
979 3742 1016 3804 in
1047 3744 1110 3806 hoc
1141 3760 1243 3825 opere
1275 3745 1451 3807 recensuri

210 3867 356 3928 sumus,
382 3865 565 3911 numerum
595 3848 720 3911 referre
756 3865 825 3911 non
861 3849 1044 3928 possimus,
1070 3849 1151 3931 quia
1176 3851 1276 3914 nobie
1301 3857 1452 3914 exactam

211 3975 341 4022 earum
357 3955 524 4019 rationem
540 3954 727 4034 diligenter
744 3971 930 4034 asservare,
948 3956 1140 4038 usquedum
1162 3957 1268 4040 hujus
1284 3957 1364 4020 libri
1386 3957 1456 4020 edi·

212 4067 356 4129 tionem
377 4061 643 4139 conieceremus,
667 4061 881 4143 propositum
907 4064 954 4125 sit
977 4063 1197 4140 contendere,
1214 4069 1329 4126 tamen
1352 4063 1456 4126 aude·

212 4172 339 4235 bimus
365 4169 444 4233 illus
467 4169 598 4250 species
623 4167 738 4232 decern
765 4168 925 4248 transire,
951 4187 990 4233 ac
1015 4187 1118 4252 prope
1141 4169 1322 4233 duodecim
1344 4170 1455 4234 millia

211 4279 360 4360 explere
376 4292 570 4339 numerum.

253 4387 344 4461 Qum
359 4389 488 4461 sutem,
504 4383 588 4465 quin
604 4400 723 4447 omnes
738 4384 922 4463 nemesim,
934 4385 1014 4466 jure
1029 4384 1159 4447 incerto
1174 4383 1332 4448 habetur.
1350 4387 1453 4467 Bryo-

208 4492 288 4573 logi
307 4490 404 4555 enim
420 4490 529 4568 nimii,
547 4491 664 4572 utipsi
676 4490 930 4568 confessisunt,
944 4491 1109 4574 quasdam
1126 4492 1268 4573 species,
1286 4493 1369 4574 quin
1386 4493 1454 4556 imo

207 4617 350 4681 genera
366 4599 402 4662 in
419 4598 567 4662 frustula
581 4599 829 4676 condiderunt;
847 4608 881 4663 et
900 4599 973 4681 ipse
990 4600 1028 4664 C.
1045 4600 1178 4678 Mulier,
1197 4601 1452 4665 eruditissimus

209 4709 278 4786 vir,
300 4723 397 4770 nunc
422 4707 667 4788 Bryologorum
690 4706 908 4771 venerandus
924 4708 1111 4790 antiquior,
1129 4714 1248 4788 postea
1270 4707 1365 4771 illurn
1384 4714 1457 4772 tam
