3675 5600
1439 526 1457 578 3

223 642 311 705 uicis
326 640 507 722 Bryologis
524 657 593 703 non
608 639 751 720 placuit.
768 640 877 705 Simul
895 642 999 721 euim,
1016 644 1204 727 eodemque
1221 652 1373 727 tempore
1388 665 1455 729 qno

224 770 242 807 e
274 749 478 812 Baronoenn
502 763 663 811 nunonem
690 769 709 804 a
742 747 905 812 volumen
935 748 987 825 v1,
1022 749 1189 814 edebatur
1215 774 1233 811 ε
1259 755 1454 817 Smoesmrs

221 856 411 918 ldusooanrr
430 878 447 911 »
471 852 630 917 volumen
658 855 703 930 11,
731 871 799 935 quo
825 853 860 917 iu
883 853 972 917 libro
995 861 1132 920 tantum
1155 857 1275 921 aberat
1299 864 1338 921 ut
1362 876 1452 923 nova

221 963 417 1024 Muccurum
445 977 576 1040 genera
604 964 761 1040 poneret,
795 965 982 1025 utcontra
1003 961 1155 1027 multae
1185 963 1330 1027 Bridelio
1352 970 1455 1028 antea

223 1068 414 1131 constituta
433 1066 611 1144 recideret,
642 1084 682 1131 ac
705 1066 776 1130 iere
799 1072 905 1132 totam
932 1066 1231 1152 Pleurocorporum
1253 1071 1397 1135 classem
1416 1072 1451 1135 iu

222 1173 386 1252 Neckera,
421 1173 649 1251 ib'lotriedum,
681 1172 849 1238 neoterio
878 1181 913 1239 et
944 1175 1105 1259 llypnum
1129 1178 1319 1258 generibus
1345 1179 1454 1242 inelu-

223 1284 340 1362 deret;
355 1300 458 1364 quam
472 1281 694 1363 partitionem
707 1281 851 1363 collepae
866 1282 1097 1366 discipulique
1111 1286 1199 1367 eJ'us,
1216 1288 1255 1348 irt
1266 1286 1340 1349 fieri
1351 1286 1451 1365 solet,

222 1391 442 1455 secutisunt.

265 1498 333 1580 Ipsi
360 1503 487 1574 autem,
514 1514 621 1579 quum
647 1497 743 1560 brevi
770 1498 961 1579 specierum
985 1500 1150 1562 crescenti
1174 1516 1316 1563 numero
1336 1510 1450 1564 essent

223 1606 390 1686 superati,
426 1604 716 1686 quemadmodum
743 1604 834 1668 inter
860 1606 1024 1684 generale
1056 1606 1272 1687 specialeque
1305 1608 1452 1689 interpo-

223 1716 348 1776 nerent
361 1712 525 1775 sectionis
541 1728 664 1775 nomen
688 1710 975 1791 excogitaverunt
995 1711 1203 1793 (Hompeus,
1230 1714 1263 1776 ni
1287 1713 1451 1793 fallimur,

223 1820 357 1900 primus
377 1819 467 1883 bane
489 1818 782 1882 nomenclaturam
798 1818 958 1900 speruit).
981 1818 1036 1882 sic
1050 1820 1262 1901 scripserunt
1283 1840 1290 1881 :
1310 1819 1452 1903 Lepido·

220 1924 331 2007 pilum
346 1923 518 2006 (Eriopua)
536 1924 716 2006 fiexicaole
737 1926 835 2006 lipe,
853 1923 906 1988 vel
928 1924 1085 2007 (Chryso)
1103 1924 1262 2008 lippeam
1280 1926 1453 2005 lorisomne

222 2035 309 2114 Hpe.
327 2031 458 2097 Deinde
473 2049 552 2096 cum
567 2032 730 2096 sectionis
750 2032 832 2113 ipsm
847 2032 1083 2115 opplerentnr‚
1100 2039 1140 2097 ut
1158 2033 1349 2097 scriberent
1368 2043 1451 2099 sunt

221 2139 383 2222 perducti
400 2158 408 2200 t
427 2138 587 2222 Hypasim
604 2137 871 2218 (llollocodium,
889 2139 1105 2220 Cmpiderio)
1121 2149 1336 2204 euterruotmu
1354 2142 1389 2203 C.
1408 2144 1451 2205 Μ.

223 2247 296 2309 Hac
311 2246 450 2328 quidem
466 2246 645 2309 nominum
661 2245 886 2327 dispositione
900 2245 994 2309 haud
1007 2245 1151 2310 dubium
1165 2254 1216 2310 est
1232 2248 1315 2330 quin
1328 2249 1453 2330 cuique

223 2354 352 2434 speciei
366 2371 464 2417 suam
480 2353 667 2417 sectionem
683 2353 864 2432 assignent
870 2374 880 2431 ;
896 2352 979 2434 quid
996 2358 1111 2416 autern
1126 2354 1158 2418 ei
1172 2356 1218 2418 sit
1230 2373 1307 2418 enm
1321 2355 1454 2419 binaria

224 2460 500 2538 nomenclatura,
515 2479 536 2523 a
550 2461 671 2542 quovis
687 2459 846 2524 herbario
863 2462 1031 2542 petimus!

265 2567 355 2643 Quin
371 2567 476 2633 etiam
491 2567 683 2649 Bryologus
702 2568 774 2649 qui,
791 2568 826 2630 in
847 2569 1038 2646 generibus
1055 2569 1126 2650 jam
1149 2568 1309 2652 plurimis
1331 2569 1455 2651 specie

224 2676 291 2738 bus
323 2675 617 2754 redundantibus,
646 2675 778 2756 species
813 2680 914 2739 antea
953 2675 987 2739 in
1023 2676 1100 2739 aliis
1132 2677 1452 2759 probatissimisque

221 2782 414 2861 generibus
429 2781 595 2863 sepositas
610 2781 782 2859 inscribit,
800 2799 945 2865 quaeque
967 2782 1059 2845 inter
1080 2801 1115 2846 se
1137 2781 1208 2846 lere
1229 2781 1370 2846 omnino
1387 2783 1454 2846 dis·

221 2889 410 2954 simillimae
425 2896 520 2970 sunt,
537 2908 575 2953 ae
591 2890 758 2973 quaedam
774 2895 910 2954 tantum
926 2890 1121 2954 communie
1134 2890 1275 2970 habent,
1287 2909 1327 2953 ea
1339 2907 1454 2953 neees-

220 2997 326 3061 sitate
349 2996 612 3076 constringitur,
631 3015 673 3059 ne
699 2996 750 3059 bis
773 2995 889 3059 eadem
912 2997 1144 3079 appellatione
1163 3001 1293 3077 utatur,
1317 3002 1357 3060 ut
1379 3015 1452 3079 spe·

221 3103 310 3166 ciale
333 3120 458 3166 nomen
481 3106 610 3176 mutet;
633 3102 725 3185 quod
748 3104 784 3165 in
807 3102 894 3166 hauc
916 3103 1103 3184 opinionen
1126 3102 1267 3168 adducit
1295 3109 1346 3183 ut,
1371 3104 1453 3167 dum

222 3226 352 3272 novum
369 3227 430 3291 pro
446 3210 585 3273 nomine
599 3209 748 3291 principi
767 3211 915 3291 reponit,
932 3227 1002 3273 non
1024 3210 1141 3291 aliqua
1160 3210 1347 3291 cupiditate
1371 3210 1452 3274 huic

221 3334 327 3378 sunm
342 3316 490 3379 arldendi
506 3315 650 3380 fortasse
666 3315 815 3380 caruerit
830 3317 896 3396 (lii

263 3423 360 3499 Quod
376 3422 418 3486 ad
436 3423 626 3504 prioritatis
645 3424 705 3506 jus
721 3425 856 3498 attinet,
874 3440 937 3486 nos
951 3423 1091 3504 quidem
1107 3424 1200 3485 omni
1217 3441 1280 3504 ope
1301 3430 1334 3486 et
1351 3442 1452 3505 opera

220 3548 345 3593 sumus
364 3528 489 3608 adnisi,
506 3535 546 3593 ut
562 3529 685 3593 eaesari
701 3529 791 3612 quod
816 3529 957 3592 cesaris
978 3536 1042 3608 est,
1067 3528 1102 3592 id
1118 3537 1181 3608 est,
1204 3548 1306 3593 suum
1327 3531 1451 3612 cuique

220 3636 456 3700 redderemus.
479 3639 553 3701 Nou
578 3644 692 3720 tamen
720 3641 759 3700 ut
781 3636 979 3717 opinionem
1009 3637 1111 3700 nimis
1135 3638 1322 3700 obsoletam
1357 3637 1455 3699 Lind-

221 3744 332 3824 ber-qil
358 3751 549 3807 teneamus.
581 3744 662 3819 Quis
689 3744 780 3806 enim
816 3761 884 3806 non
911 3743 1152 3807 molestissime
1181 3743 1314 3820 tulerit,
1346 3762 1453 3826 quum

220 3852 398 3915 modestos
417 3857 490 3914 tum
513 3850 665 3915 eruditos
687 3850 791 3929 viros,
814 3852 873 3933 qui
896 3853 1027 3932 species
1049 3853 1196 3915 nuncin
1220 3852 1317 3915 libris
1339 3852 1451 3916 alieno

221 3958 364 4022 nomine
373 3959 554 4040 inscriptas
566 3976 604 4021 ac
614 3958 770 4037 signatos
781 3958 881 4039 primi
894 3958 1099 4039 reperissent
1110 3958 1451 4041 descripsissentqne,

220 4084 262 4130 eo
277 4066 409 4129 honore
423 4066 563 4128 omnino
579 4082 652 4128 esse
667 4064 843 4146 deiectos?
858 4066 925 4127 Nos
941 4070 1055 4127 tamen
1069 4064 1340 4130 existimavimus
1353 4065 1450 4127 nullo

220 4171 324 4236 modo
341 4172 416 4235 fieri
431 4190 529 4254 posse
547 4177 585 4233 ut
605 4171 665 4235 illa
685 4189 888 4253 respuamus
903 4172 1087 4253 omniaque
1104 4173 1243 4235 nomina
1259 4179 1451 4249 mutemus,

217 4298 299 4362 quae
315 4278 407 4342 enim
426 4278 456 4341 si
471 4278 709 4356 miscerentur,
731 4278 921 4360 Bryologos
942 4277 984 4341 ad
1006 4278 1312 4360 implicatissimam
1333 4279 1451 4341 eoniu-

219 4388 357 4449 sionem
372 4384 581 4466 redigerent.

257 4617 297 4687 (l)
318 4615 360 4670 Gi.
382 4615 499 4672 Loreulz
519 4615 545 4668 in
567 4617 629 4671 Bot.
650 4614 718 4669 Zeit.
738 4613 814 4682 iseo,
834 4634 861 4687 p.
880 4615 930 4670 189
951 4633 957 4671 :
984 4614 1071 4669 Ueber
1092 4615 1370 4686 Synortymemmfup
1393 4615 1453 4668 und

220 4705 551 4791 Auloritoetspiraters'e.
