3675 5600
433 1378 437 1383 Ι
513 1227 1188 1337 1111111111

275 2056 339 2120 Ubi
356 2055 439 2118 editi
460 2055 603 2119 inerunt
622 2058 657 2117 et
674 2047 818 2117 aridem
836 2052 927 2115 liber
946 2074 963 2109 «
982 2054 1175 2116 Baronoera
1195 2068 1411 2117 sarvanssnrs
1430 2078 1461 2129 ι,

229 2162 495 2246 praecipueque
519 2162 557 2240 ii,
586 2159 882 2243 quorumnam«
906 2160 1101 2224 Barocoora
1126 2176 1337 2237 11111111»,
1361 2161 1461 2243 cujus

228 2276 390 2335 auctores
416 2268 592 2345 Bruttius,
627 2267 825 2332 Giimbclius
857 2285 896 2329 ac
943 2266 991 2328 W.
1030 2266 1064 2329 Ρ.
1106 2266 1335 2348 8111111111,
1372 2267 1460 2332 11111

231 2379 273 2442 C.
291 2376 427 2441 Mulier-i
445 2400 463 2434 ι
482 2378 641 2440 Srnonsrs
659 2377 849 2439 Muscoacu
863 2398 880 2431 »
898 2374 1111 2451 inscribitur,
1133 2373 1367 2437 herbariorum
1385 2375 1460 2456 plu-

230 2485 311 2548 rimi
334 2500 471 2547 muscos
492 2482 727 2562 investigandi
748 2481 864 2545 studio
886 2486 969 2544 sunt
993 2482 1118 2544 conati.
1146 2482 1238 2545 Adde
1261 2482 1365 2564 quod,
1391 2483 1461 2547 fere

229 2591 353 2655 eodem
376 2594 541 2670 tempore,
564 2587 862 2670 peregrinationes
883 2588 1037 2651 omnium
1063 2606 1121 2670 spe
1138 2590 1336 2667 celeriores,
1363 2606 1462 2670 expc-

228 2698 442 2778 ditioresque
473 2696 575 2759 etiam
605 2695 803 2776 ignotarum
842 2699 1118 2777 remotarumque
1148 2696 1330 2775 regionum
1360 2696 1458 2759 iactas

226 2807 375 2869 fuerunt
387 2803 650 2884 explorationes.
668 2804 731 2865 Illa
745 2820 825 2866 vero
838 2801 1019 2884 regionum
1033 2821 1178 2885 quarum
1190 2808 1359 2881 auctores,
1373 2821 1458 2885 quos

225 2927 336 2991 supra
360 2908 625 2985 nominavimus,
651 2926 756 2990 prope
782 2913 880 2971 erant
906 2907 1025 2984 nescii,
1053 2907 1261 2988 peragratio,
1292 2925 1456 2989 magnum

224 3024 435 3099 proventum
450 3016 570 3078 attulit
585 3033 792 3079 muscorum.
814 3017 966 3091 Quorum
987 3013 1125 3096 quidem
1142 3015 1257 3078 nescio
1280 3033 1324 3078 an
1345 3016 1456 3095 inagis

223 3140 332 3205 quam
362 3121 609 3203 Bryologorum
636 3138 801 3184 numerus
833 3121 989 3185 creverit.
1022 3124 1173 3203 Namque
1197 3129 1235 3185 ut
1261 3122 1455 3203 exemplum

224 3227 443 3294 referamus:

354 3390 524 3462 Bryoiogia
536 3390 724 3448 universalis
738 3390 860 3448 constat
874 3405 913 3448 ex
920 3430 1088 3447 .........
1130 3389 1178 3447 931
1200 3391 1331 3463 species.

355 3488 510 3560 synopsis
522 3489 700 3545 Muscorum
704 3527 1086 3547 ....................
1109 3487 1179 3542 2364
1252 3509 1267 3541 »

351 3587 475 3660 Jaepm
489 3587 520 3644 et
536 3585 733 3645 Sasdrtsettt
747 3586 1011 3645 enumerationes
1024 3629 1030 3643 .
1042 3633 1048 3646 .
1060 3627 1084 3642 ..
1106 3587 1179 3644 7442
1250 3605 1267 3638 »

261 3738 427 3815 Quamvis
454 3741 588 3801 certum
619 3738 827 3819 specierum,
864 3756 949 3820 quas
983 3738 1019 3801 in
1050 3740 1114 3803 hoc
1145 3757 1247 3822 opere
1279 3742 1453 3804 recensuri

218 3863 360 3923 sumus,
385 3861 568 3908 numerum
599 3844 723 3908 referre
761 3862 829 3907 non
864 3846 1047 3926 possimus,
1073 3846 1154 3928 qnia
1180 3847 1280 3910 nobis
1304 3853 1456 3911 exactam

220 3970 345 4017 earum
361 3953 528 4016 rationem
543 3950 732 4031 diligenter
748 3968 934 4032 asservare,
952 3952 1143 4035 usquedum
1166 3954 1272 4037 hujus
1288 3955 1366 4018 libri
1389 3954 1459 4017 edi·

222 4062 360 4125 tionem
381 4057 646 4136 conteceremm,
671 4059 885 4140 propositum
910 4061 957 4123 sit
980 4060 1200 4137 contendere,
1218 4067 1332 4124 tamen
1356 4061 1459 4123 aude·

222 4167 344 4231 bimus
368 4166 448 4230 illas
470 4166 602 4247 species
626 4165 742 4230 decem
769 4166 928 4243 transire,
955 4183 994 4230 ac
1018 4184 1121 4248 prope
1144 4166 1325 4231 duodecim
1347 4167 1458 4230 miliia

221 4274 364 4356 explere
380 4290 574 4338 numerum.

264 4383 349 4457 Qnae
364 4386 492 4458 autem,
508 4381 592 4462 quin
608 4397 727 4444 omnes
740 4397 830 4443 verre
841 4380 925 4459 sint,
937 4382 1017 4462 jure
1033 4381 1162 4444 incerto
1178 4381 1336 4445 habetur.
1354 4384 1456 4464 Bryo-

219 4489 296 4569 logi
312 4488 407 4552 enirn
424 4487 533 4564 nimii,
550 4494 588 4551 ut
599 4488 667 4569 ipsi
679 4487 827 4551 confessi
839 4493 934 4566 sunt,
947 4488 1112 4570 quasdam
1130 4489 1272 4569 specics,
1289 4489 1373 4571 quin
1390 4490 1457 4553 imo

219 4613 355 4676 genera
370 4597 405 4659 in
423 4595 570 4660 frustula
584 4596 833 4672 condiderunt;
850 4603 885 4660 et
903 4596 977 4677 ipse
993 4597 1032 4661 C.
1049 4596 1182 4674 Mztller,
1201 4598 1456 4662 eruditissimus

220 4703 286 4782 vir,
305 4720 400 4767 nnnc
426 4703 670 4784 Bryologorum
694 4704 912 4768 venerandus
928 4704 1115 4786 antiquior,
1132 4710 1251 4786 postea
1274 4704 1369 4768 iilam
1389 4711 1460 4769 tam
