3675 5600
366 496 383 552 4

407 625 568 701 Quamvis
598 629 712 689 autem
746 625 930 704 plurimam
957 642 1072 688 curam
1104 642 1309 706 operamque
1334 624 1515 688 maximam
1551 623 1594 687 ad

368 731 461 795 hunc
490 734 633 796 INDIOBM
662 728 914 795 conficiendum
945 731 1217 809 adhibuerimus,
1241 730 1397 813 quaedam
1421 730 1595 812 praeterita

366 838 517 921 profecto
529 839 859 918 animadvertentur,
873 839 1030 921 quadam
1043 840 1146 903 etiam
1159 851 1271 902 errata
1283 839 1590 921 reprehendentur.

368 948 436 1009 iata
464 945 617 1026 impense
645 947 807 1029 petimus,
845 952 884 1009 ut
914 946 1013 1010 nobis
1049 947 1210 1028 Bryologi
1245 946 1452 1029 patefaciant
1487 945 1592 1028 (quod

366 1050 503 1134 quidem
520 1054 699 1135 permagni
714 1053 870 1117 scientim
885 1054 1042 1133 interest)
1053 1054 1138 1116 utin
1151 1053 1346 1135 Appendice
1360 1054 1420 1116 illa
1436 1054 1594 1117 restitua-

366 1178 444 1223 mus
457 1161 512 1223 vel
529 1161 592 1224 hac
612 1161 836 1240 corrigamus
858 1165 898 1224 ut
917 1161 982 1225 hoc
1007 1180 1093 1244 opus
1113 1179 1215 1244 quam
1238 1161 1380 1225 minime
1401 1161 1446 1225 sit
1469 1162 1593 1242 imper·

367 1266 507 1331 factum.

404 1375 492 1452 Quid
511 1376 582 1457 jam
610 1375 759 1458 denique
785 1381 902 1455 restat,
929 1377 997 1440 nisi
1031 1380 1073 1439 ut
1095 1376 1201 1459 (quod
1230 1382 1322 1440 certe
1347 1376 1447 1439 nobis
1471 1375 1593 1439 miram

364 1481 549 1562 quamdam
563 1483 769 1547 suavitatem
784 1501 822 1547 ao
838 1482 1128 1547 delectationdem
1143 1483 1253 1560 offert)
1272 1483 1404 1563 gratias
1418 1483 1489 1545 illis
1509 1483 1592 1546 viris

364 1605 521 1668 agamus,
538 1590 597 1671 qui
614 1589 714 1653 nobis
728 1590 957 1654 libentissime
973 1608 1110 1673 operam
1130 1609 1228 1654 snam
1242 1591 1448 1654 attulerunt.
1469 1592 1519 1653 Ex
1538 1590 1593 1652 his

363 1696 513 1775 primum
529 1694 606 1760 Em.
625 1696 826 1761 Bescberelle
845 1698 1011 1778 (Parisiis)
1029 1696 1201 1761 numerari
1217 1697 1326 1776 decet,
1350 1698 1409 1780 qui
1425 1715 1493 1760 non
1518 1704 1592 1760 tan·

364 1811 438 1875 turn
467 1803 621 1867 consiliis
649 1805 858 1868 acutissimis
887 1820 1100 1888 censuraque
1129 1805 1336 1869 amicissima
1356 1804 1505 1887 juvavit,
1531 1803 1591 1867 sed

364 1912 466 1975 etiam
482 1915 553 1974 tam
569 1911 712 1974 comiter
727 1912 905 1975 nobiscum
923 1913 1008 1992 egit,
1026 1918 1065 1976 nt
1080 1912 1259 1990 librorum,
1280 1928 1426 1993 quornm
1447 1910 1591 1992 penuria

362 2018 534 2099 praecipue
556 2018 592 2080 in
621 2017 808 2098 provinciis
837 2022 989 2101 apparet,
1022 2019 1377 2082 commemorationem
1407 2017 1590 2099 praeberet,

362 2123 677 2205 speciminibusque
703 2125 774 2187 sive
806 2124 934 2189 criticis
959 2128 1019 2188 aut
1043 2125 1191 2206 perraris
1218 2123 1377 2203 donarct3
1413 2122 1589 2187 Brotherus
1633 2170 1635 2174 .

362 2229 601 2312 (Heisianors.
620 2231 762 2310 rennui
777 2249 928 2313 quoque,
941 2231 971 2293 J.
992 2231 1118 2294 Cordot
1132 2231 1289 2311 (Stenoy,
1308 2226 1446 2307 Gallia),
1461 2230 1502 2291 de
1520 2228 1593 2291 Pola·

362 2336 540 2416 (Parisiis),
559 2337 665 2399 Dtron
685 2336 957 2420 (Nortlrumpton,
976 2338 1127 2419 Aoqlio),
1151 2337 1278 2400 Husnot
1293 2336 1441 2417 (Cultam,
1463 2332 1589 2414 Gallio)

362 2461 423 2507 nos
438 2450 473 2510 et
491 2446 563 2508 suis
576 2446 731 2508 consiliis
750 2450 785 2508 et
804 2447 876 2509 suis
893 2447 1067 2528 operibus,
1087 2447 1251 2528 librisque
1271 2446 1326 2508 vel
1342 2445 1590 2527 speciminibus

360 2552 581 2633 adjuverunt.
607 2553 736 2634 Cuique
759 2553 801 2615 de
824 2554 924 2616 nobis
947 2554 1075 2634 optime
1092 2554 1222 2616 meritis
1240 2553 1389 2633 gratiam
1410 2551 1588 2614 referimus

359 2675 554 2720 maximam.

1359 2828 1504 2885 dumos.

420 3300 525 3353 Drauso
541 3301 766 3366 (illa-ot·Vilaine,
782 3300 901 3367 France),
919 3300 973 3349 ibd
996 3301 1065 3350 1894.

1821 1586 1826 1629 i
